@article{HendycksOODBaseline,
  author    = {Dan Hendrycks and
               Kevin Gimpel},
  title     = {A Baseline for Detecting Misclassified and Out-of-Distribution Examples
               in Neural Networks},
  journal   = {CoRR},
  volume    = {abs/1610.02136},
  year      = {2016},
  archivePrefix = {arXiv},
  eprint    = {1610.02136},
  timestamp = {Mon, 13 Aug 2018 16:47:27 +0200},
  bibsource = {dblp computer science bibliography, https://dblp.org}
}

@misc{durkan2019neural,
    title={Neural Spline Flows},
    author={Conor Durkan and Artur Bekasov and Iain Murray and George Papamakarios},
    year={2019},
    eprint={1906.04032},
    archivePrefix={arXiv},
    primaryClass={stat.ML}
}

@article{Blundell2015WeightUI,
  title={Weight Uncertainty in Neural Networks},
  author={Charles Blundell and Julien Cornebise and Koray Kavukcuoglu and Daan Wierstra},
  journal={ArXiv},
  year={2015},
}

@inproceedings{ritter2018a,
    title={A Scalable Laplace Approximation for Neural Networks},
    author={Hippolyt Ritter and Aleksandar Botev and David Barber},
    booktitle={International Conference on Learning Representations},
    year={2018},
}

@inproceedings{Louizos2017MultiplicativeNF,
  title={Multiplicative Normalizing Flows for Variational Bayesian Neural Networks},
  author={Christos Louizos and Max Welling},
  booktitle={ICML},
  year={2017}
}

@Article{MacKay1998,
author="MacKay, David J.C.",
title="Choice of Basis for Laplace Approximation",
journal="Machine Learning",
year="1998",
month="Oct",
day="01",
volume="33",
number="1",
pages="77--86",
abstract="Maximum a posteriori optimization of parameters and the Laplace approximation for the marginal likelihood are both basis-dependent methods. This note compares two choices of basis for models parameterized by probabilities, showing that it is possible to improve on the traditional choice, the probability simplex, by transforming to the 'softmax' basis.",
issn="1573-0565",
}


@inproceedings{imagenet_cvpr09,
        AUTHOR = {Deng, J. and Dong, W. and Socher, R. and Li, L.-J. and Li, K. and Fei-Fei, L.},
        TITLE = {{ImageNet: A Large-Scale Hierarchical Image Database}},
        BOOKTITLE = {CVPR09},
        YEAR = {2009},
}

@book{BishopPRML2006,
 author = {Bishop, Christopher M.},
 title = {Pattern Recognition and Machine Learning (Information Science and Statistics)},
 year = {2006},
 publisher = {Springer-Verlag},
 address = {Berlin, Heidelberg},
}

@inproceedings{NIPS2018PriorNetworks,
  title={Predictive uncertainty estimation via prior networks},
  author={Malinin, Andrey and Gales, Mark},
  booktitle={Advances in Neural Information Processing Systems},
  pages={7047--7058},
  year={2018}
}

@inproceedings{NIPS2019PriorNetworks_improved,
  title={Reverse kl-divergence training of prior networks: Improved uncertainty and adversarial robustness},
  author={Malinin, Andrey and Gales, Mark},
  booktitle={Advances in Neural Information Processing Systems},
  pages={14520--14531},
  year={2019}
}

@inproceedings{NIPS2018EvidentialDL,
  title={Evidential deep learning to quantify classification uncertainty},
  author={Sensoy, Murat and Kaplan, Lance and Kandemir, Melih},
  booktitle={Advances in Neural Information Processing Systems},
  pages={3179--3189},
  year={2018}
}

@incollection{NIPS2010_shadow_dirichlet,
title = {Shadow Dirichlet for Restricted Probability Modeling},
author = {Bela Frigyik and Gupta, Maya and Yihua Chen},
booktitle = {Advances in Neural Information Processing Systems 23},
editor = {J. D. Lafferty and C. K. I. Williams and J. Shawe-Taylor and R. S. Zemel and A. Culotta},
pages = {613--621},
year = {2010},
publisher = {Curran Associates, Inc.},
}


@article{2011_scaled_dirichlet,
author = {Monti, Gianna and Figueras, Glòria and Pawlowsky-Glahn, Vera and Egozcue, Juan Jose},
year = {2011},
month = {05},
pages = {},
title = {The shifted-scaled Dirichlet distribution in the simplex}
}

@inproceedings{2015_ResNet,
  title={Deep residual learning for image recognition},
  author={He, Kaiming and Zhang, Xiangyu and Ren, Shaoqing and Sun, Jian},
  booktitle={Proceedings of the IEEE conference on computer vision and pattern recognition},
  pages={770--778},
  year={2016}
}

@inproceedings{McAllister2017ConcretePF,
  title={Concrete Problems for Autonomous Vehicle Safety: Advantages of Bayesian Deep Learning},
  author={Rowan McAllister and Yarin Gal and Alex Kendall and Mark van der Wilk and Amar Shah and Roberto Cipolla and Adrian Weller},
  booktitle={IJCAI},
  year={2017}
}

@article{AutoDrivingBayes,
  author    = {Rhiannon Michelmore and
               Marta Kwiatkowska and
               Yarin Gal},
  title     = {Evaluating Uncertainty Quantification in End-to-End Autonomous Driving
               Control},
  journal   = {CoRR},
  volume    = {abs/1811.06817},
  year      = {2018},
  archivePrefix = {arXiv},
  eprint    = {1811.06817},
  timestamp = {Sun, 25 Nov 2018 18:57:12 +0100},
  bibsource = {dblp computer science bibliography, https://dblp.org}
}

@article{UIinMedicine,
author = {E. Begoli and T. Bhattacharya and D. Kusnezov} ,
title = {The need for uncertainty quantification in machine-assisted medical decision making},
journal = {Nat Mach Intell} ,
volume = {1},
pages = {20–23},
year = {2019},
}

@inproceedings{Smith2018UnderstandingMO,
  title={Understanding Measures of Uncertainty for Adversarial Example Detection},
  author={Lewis Smith and Yarin Gal},
  booktitle={UAI},
  year={2018}
}

@inproceedings{KernelTopicModels2012,
  title = {Kernel Topic Models},
  author = {Hennig, P. and Stern, D. and Herbrich, R. and Graepel, T.},
  booktitle = {Fifteenth International Conference on Artificial Intelligence and Statistics},
  volume = {22},
  pages = {511--519},
  series = {JMLR Proceedings},
  editors = {Lawrence, N. D. and Girolami, M.},
  publisher = {JMLR.org},
  year = {2012}
}

@article{McKay1995NetworkBayesReview,
author = {David J C Mackay},
title = {Probable networks and plausible predictions — a review of practical Bayesian methods for supervised neural networks},
journal = {Network: Computation in Neural Systems},
volume = {6},
number = {3},
pages = {469-505},
year  = {1995},
publisher = {Taylor & Francis},
eprint = {https://doi.org/10.1088/0954-898X_6_3_011}
}

@article{dangel2020backpack,
  title={BackPACK: Packing more into backprop},
  author={Dangel, Felix and Kunstner, Frederik and Hennig, Philipp},
  journal={arXiv preprint arXiv:1912.10985},
  year={2019}
}


@InProceedings{2016DeepKernelLearning,
  title = 	 {Deep Kernel Learning},
  author = 	 {Andrew Gordon Wilson and Zhiting Hu and Ruslan Salakhutdinov and Eric P. Xing},
  booktitle = 	 {Proceedings of the 19th International Conference on Artificial Intelligence and Statistics},
  pages = 	 {370--378},
  year = 	 {2016},
  editor = 	 {Arthur Gretton and Christian C. Robert},
  volume = 	 {51},
  series = 	 {Proceedings of Machine Learning Research},
  address = 	 {Cadiz, Spain},
  month = 	 {09--11 May},
  publisher = 	 {PMLR},
}



@InProceedings{ScalableBayesianOptimizationDNNs2015,
  title = 	 {Scalable Bayesian Optimization Using Deep Neural Networks},
  author = 	 {Jasper Snoek and Oren Rippel and Kevin Swersky and Ryan Kiros and Nadathur Satish and Narayanan Sundaram and Mostofa Patwary and Mr Prabhat and Ryan Adams},
  booktitle = 	 {Proceedings of the 32nd International Conference on Machine Learning},
  pages = 	 {2171--2180},
  year = 	 {2015},
  editor = 	 {Francis Bach and David Blei},
  volume = 	 {37},
  series = 	 {Proceedings of Machine Learning Research},
  address = 	 {Lille, France},
  month = 	 {07--09 Jul},
  publisher = 	 {PMLR},
}



@article{ImageNet2015,
	author    = {Olga Russakovsky and
	Jia Deng and
	Hao Su and
	Jonathan Krause and
	Sanjeev Satheesh and
	Sean Ma and
	Zhiheng Huang and
	Andrej Karpathy and
	Aditya Khosla and
	Michael S. Bernstein and
	Alexander C. Berg and
	Fei{-}Fei Li},
	title     = {ImageNet Large Scale Visual Recognition Challenge},
	journal   = {CoRR},
	volume    = {abs/1409.0575},
	year      = {2014},
	archivePrefix = {arXiv},
	eprint    = {1409.0575},
	timestamp = {Mon, 22 Jul 2019 14:55:31 +0200},
	bibsource = {dblp computer science bibliography, https://dblp.org}
}

@article{nickerson2000null,
	title={Null hypothesis significance testing: a review of an old and continuing controversy.},
	author={Nickerson, Raymond S},
	journal={Psychological methods},
	volume={5},
	number={2},
	pages={241},
	year={2000},
	publisher={American Psychological Association}
}

@Article{BayesianAltTTest2011,
	author="Masson, Michael E. J.",
	title="A tutorial on a practical Bayesian alternative to null-hypothesis significance testing",
	journal="Behavior Research Methods",
	year="2011",
	month="Sep",
	day="01",
	volume="43",
	number="3",
	pages="679--690",
	issn="1554-3528",
}

@article{MacKay1992,
	author = {MacKay, David J. C.},
	title = {A Practical Bayesian Framework for Backpropagation Networks},
	year = {1992},
	issue_date = {May 1992},
	publisher = {MIT Press},
	address = {Cambridge, MA, USA},
	volume = {4},
	number = {3},
	issn = {0899-7667},
	journal = {Neural Comput.},
	month = may,
	pages = {448–472},
	numpages = {25}
}

@incollection{Graves2011VB,
	title = {Practical Variational Inference for Neural Networks},
	author = {Graves, Alex},
	booktitle = {Advances in Neural Information Processing Systems 24},
	editor = {J. Shawe-Taylor and R. S. Zemel and P. L. Bartlett and F. Pereira and K. Q. Weinberger},
	pages = {2348--2356},
	year = {2011},
	publisher = {Curran Associates, Inc.}
}

@misc{louizos2017multiplicative,
	title={Multiplicative Normalizing Flows for Variational Bayesian Neural Networks},
	author={Christos Louizos and Max Welling},
	year={2017},
	eprint={1703.01961},
	archivePrefix={arXiv},
	primaryClass={stat.ML}
}

@InProceedings{Hein_2019_CVPR,
	author = {Hein, Matthias and Andriushchenko, Maksym and Bitterwolf, Julian},
	title = {Why ReLU Networks Yield High-Confidence Predictions Far Away From the Training Data and How to Mitigate the Problem},
	booktitle = {The IEEE Conference on Computer Vision and Pattern Recognition (CVPR)},
	month = {June},
	year = {2019}
}

@article{amodei2016concrete,
  title={Concrete problems in AI safety},
  author={Amodei, Dario and Olah, Chris and Steinhardt, Jacob and Christiano, Paul and Schulman, John and Man{\'e}, Dan},
  journal={arXiv preprint arXiv:1606.06565},
  year={2016}
}

@inproceedings{nguyen2015deep,
  title={Deep neural networks are easily fooled: High confidence predictions for unrecognizable images},
  author={Nguyen, Anh and Yosinski, Jason and Clune, Jeff},
  booktitle={CVPR},
  year={2015}
}

@misc{alex2019quantifyingCO2,
    title={Quantifying the Carbon Emissions of Machine Learning},
    author={Alexandre Lacoste and Alexandra Luccioni and Victor Schmidt and Thomas Dandres},
    year={2019},
    eprint={1910.09700},
    archivePrefix={arXiv},
    primaryClass={cs.CY}
}

@article{brosse2020last,
  title={On Last-Layer Algorithms for Classification: Decoupling Representation from Uncertainty Estimation},
  author={Brosse, Nicolas and Riquelme, Carlos and Martin, Alice and Gelly, Sylvain and Moulines, {\'E}ric},
  journal={arXiv preprint arXiv:2001.08049},
  year={2020}
}

@inproceedings{louizos_structured_2016,
	title = {Structured and efficient variational deep learning with matrix gaussian posteriors},
	booktitle = {ICML},
	author = {Louizos, Christos and Welling, Max},
	year = {2016}
}

@inproceedings{sun_learning_2017,
	title = {Learning structured weight uncertainty in {B}ayesian neural networks},
	booktitle = {Artificial {Intelligence} and {Statistics}},
	author = {Sun, Shengyang and Chen, Changyou and Carin, Lawrence},
	year = {2017},
	pages = {1283--1292},
}

@inproceedings{martens2015optimizing,
  title={Optimizing neural networks with {K}ronecker-factored approximate curvature},
  author={Martens, James and Grosse, Roger},
  booktitle={ICML},
  year={2015}
}

@article{spiegelhalter1990sequential,
  title={Sequential updating of conditional probabilities on directed graphical structures},
  author={Spiegelhalter, David J and Lauritzen, Steffen L},
  journal={Networks},
  volume={20},
  number={5},
  pages={579--605},
  year={1990},
  publisher={Wiley Online Library}
}

@article{mackay1992evidence,
  title={The evidence framework applied to classification networks},
  author={MacKay, David JC},
  journal={Neural computation},
  volume={4},
  number={5},
  pages={720--736},
  year={1992},
  publisher={MIT Press}
}

@inproceedings{michalis2016one,
  title={One-vs-each approximation to softmax for scalable estimation of probabilities},
  author={Michalis Titsias},
  booktitle={NIPS},
  year={2016}
}

@article{blei2007correlated,
  title={A correlated topic model of science},
  author={Blei, David M and Lafferty, John D and others},
  journal={The Annals of Applied Statistics},
  volume={1},
  number={1},
  pages={17--35},
  year={2007},
  publisher={Institute of Mathematical Statistics}
}

@inproceedings{ahmed2007tight,
  title={On tight approximate inference of the logistic-normal topic admixture model},
  author={Ahmed, Amr and Xing, Eric},
  booktitle={Proceedings of the 11th Tenth International Workshop on Artificial Intelligence and Statistics},
  year={2007}
}

@article{braun2010variational,
  title={Variational inference for large-scale models of discrete choice},
  author={Braun, Michael and McAuliffe, Jon},
  journal={Journal of the American Statistical Association},
  volume={105},
  number={489},
  pages={324--335},
  year={2010},
  publisher={Taylor \& Francis}
}

@phdthesis{Hennig2010,
  title = {Approximate Inference in Graphical Models},
  author = {Hennig, P.},
  institution = {University of Cambridge},
  month = nov,
  year = {2010},
  month_numeric = {11}
}

@article{FMNIST2017,
  author    = {Han Xiao and
               Kashif Rasul and
               Roland Vollgraf},
  title     = {Fashion-MNIST: a Novel Image Dataset for Benchmarking Machine Learning
               Algorithms},
  journal   = {CoRR},
  volume    = {abs/1708.07747},
  year      = {2017},
  archivePrefix = {arXiv},
  eprint    = {1708.07747},
  timestamp = {Mon, 13 Aug 2018 16:47:27 +0200},
  bibsource = {dblp computer science bibliography, https://dblp.org}
}

@article{KMNIST2018,
  author    = {Tarin Clanuwat and
               Mikel Bober{-}Irizar and
               Asanobu Kitamoto and
               Alex Lamb and
               Kazuaki Yamamoto and
               David Ha},
  title     = {Deep Learning for Classical Japanese Literature},
  journal   = {CoRR},
  volume    = {abs/1812.01718},
  year      = {2018},
  archivePrefix = {arXiv},
  eprint    = {1812.01718},
  timestamp = {Tue, 01 Jan 2019 15:01:25 +0100},
  bibsource = {dblp computer science bibliography, https://dblp.org}
}

@article{notMNIST2011,
author= {Bulatov, Yaroslav},
title= {notMNIST dataset},
year= {2011},
url={http://yaroslavvb.blogspot.com/2011/09/notmnist-dataset.html}
}

@article{MNIST2010,
  added-at = {2010-06-28T21:16:30.000+0200},
  author = {LeCun, Yann and Cortes, Corinna},
  biburl = {https://www.bibsonomy.org/bibtex/2935bad99fa1f65e03c25b315aa3c1032/mhwombat},
  groups = {public},
  howpublished = {http://yann.lecun.com/exdb/mnist/},
  interhash = {21b9d0558bd66279df9452562df6e6f3},
  intrahash = {935bad99fa1f65e03c25b315aa3c1032},
  keywords = {MSc _checked character_recognition mnist network neural},
  lastchecked = {2016-01-14 14:24:11},
  timestamp = {2016-07-12T19:25:30.000+0200},
  title = {{MNIST} handwritten digit database},
  username = {mhwombat},
  year = 2010
}

@inproceedings{SVHN2011,
title	= {Reading Digits in Natural Images with Unsupervised Feature Learning},
author	= {Yuval Netzer and Tao Wang and Adam Coates and Alessandro Bissacco and Bo Wu and Andrew Y. Ng},
year	= {2011},
booktitle	= {NIPS Workshop on Deep Learning and Unsupervised Feature Learning 2011}
}

@article{CIFAR2009,
    title = {Learning Multiple Layers of Features from Tiny Images},
    author = {Alex Krizhevsky},
    year = {2009}
}

@article{DeterministicVI2018,
	author    = {Anqi Wu and
	Sebastian Nowozin and
	Edward Meeds and
	Richard E. Turner and
	Jos{\'{e}} Miguel Hern{\'{a}}ndez{-}Lobato and
	Alexander L. Gaunt},
	title     = {Fixing Variational Bayes: Deterministic Variational Inference for
	Bayesian Neural Networks},
	journal   = {CoRR},
	volume    = {abs/1810.03958},
	year      = {2018},
	url       = {http://arxiv.org/abs/1810.03958},
	archivePrefix = {arXiv},
	eprint    = {1810.03958},
	timestamp = {Tue, 30 Oct 2018 20:39:56 +0100},
	biburl    = {https://dblp.org/rec/journals/corr/abs-1810-03958.bib},
	bibsource = {dblp computer science bibliography, https://dblp.org}
}

@misc{haussmann2019BEDLwithPAC,
	title={Bayesian Evidential Deep Learning with PAC Regularization},
	author={Manuel Haussmann and Sebastian Gerwinn and Melih Kandemir},
	year={2019},
	eprint={1906.00816},
	archivePrefix={arXiv},
	primaryClass={stat.ML}
}